@BOOK{Tufte2001,
	author = {Edward R. Tufte},
	title = {The Visual Display of Quantitative Information},
	publisher = {Graphics Press},
	year = {2001},
	address = {Cheshire, Connecticut},
	isbn = {0-9613921-4-2}
}

@misc{wiki_1_2022,
   author = {Wikipedia},
   title = {Illustration of the central limit theorem},
   year = {2023},
   howpublished = {\url{http://en.wikipedia.org/w/index.php?title=Illustration\%20of\%20the\%20central\%20limit\%20theorem&oldid=1090004978}},
   note = {[Online; accessed 02-March-2023]}
 }